@INPROCEEDINGS{GlabbeekAWN,
	author    = {A. Fehnker and
	R. J. van Glabbeek and
	P. H{\"o}fner and
	A. McIver and
	M. Portmann and
	W. L. Tan},
	title     = {A process algebra for wireless mesh networks},
	booktitle = {Proc.\ 21st European Symposium
	on Programming},
	year      = {2012},
	pages     = {295-315},
	series    = {LNCS},
	publisher = {Springer},
	volume    = {7211},
}
@article{FOAC,
	author    = {B. Yousefi and
	F. Ghassemi and
	R. Khosravi},
	title     = {Modeling and Efficient Verification of Wireless Ad hoc Networks},
	journal   = {Formal Aspect of Computing},
	volume    = {To appear},
	year      = {2017},
}
@ARTICLE{FatemehFI10,
	AUTHOR =       {F. Ghassemi and W. J. Fokkink and A. Movaghar},
	TITLE =        {Equational reasoning on mobile ad hoc networks},
	JOURNAL =      {Fundamenta Informaticae},
	volume =       {103},
	pages =        {1-41},
	YEAR =         {2010},
}
@article{FORM,
	author = {F. Ghassemi and W. J. Fokkink},
	title = {Model Checking Mobile Ad Hoc Networks},
	journal = {Formal Methods in System Design},
	volume ={49},
	number ={3},
	pages ={159-189},
	year ={2016}
}
@article{FatemehFI19,
	author = {F. Ghassemi and W. J. Fokkink},
	title = {Reliable Restricted Process Theory},
	journal = {Fundamenta Informatica},
  volume    = {165},
  number    = {1},
  pages     = {1--41},
  year      = {2019},
}
@article{CSI2018,
	author = {F. Ghassemi},
	title = {Verification of Mobile Ad hoc Network Processes with Data},
	journal = {he CSI Journal on Computer Science and Engineering},
	volume    = {15},
	number    = {2},
	pages     = {44--52},
	year      = {2018},
}
@article{AODVFatemeh,
	author    = {B. Yousefi and
	F. Ghassemi},
	title     = {An Efficient Loop-free Version of AODVv2},
	journal   = {CoRR},
	volume    = {abs/1709.01786v2},
	year      = {2017},
	url       = {http://arxiv.org/abs/1709.01786v2},
	archivePrefix = {arXiv},
}